<record xmlns='http://www.loc.gov/MARC21/slim'><leader>01886cem a2200445Ia 4500</leader><controlfield tag='001'>4327251</controlfield><controlfield tag='005'>20110929100508.0</controlfield><controlfield tag='006'>m        d f      </controlfield><controlfield tag='007'>aj canzn</controlfield><controlfield tag='007'>cr cn|||||||||</controlfield><controlfield tag='008'>080213s1984    dcucek bh a  fs 1   eng d</controlfield><datafield ind1='1' ind2=' ' tag='034'><subfield code='a'>a</subfield><subfield code='b'>250000</subfield><subfield code='d'>W0940000</subfield><subfield code='e'>W0920000</subfield><subfield code='f'>N0270000</subfield><subfield code='g'>N0260000</subfield></datafield><datafield ind1=' ' ind2=' ' tag='035'><subfield code='a'>(OCoLC)192006875</subfield></datafield><datafield ind1=' ' ind2=' ' tag='035'><subfield code='a'>ocn192006875</subfield></datafield><datafield ind1=' ' ind2=' ' tag='035'><subfield code='a'>4327251</subfield></datafield><datafield ind1=' ' ind2=' ' tag='040'><subfield code='a'>GPO</subfield><subfield code='c'>GPO</subfield><subfield code='d'>GPO</subfield><subfield code='d'>MvI</subfield></datafield><datafield ind1=' ' ind2=' ' tag='043'><subfield code='a'>n-us-tx</subfield></datafield><datafield ind1=' ' ind2=' ' tag='052'><subfield code='a'>4032</subfield><subfield code='b'>C6</subfield></datafield><datafield ind1=' ' ind2=' ' tag='052'><subfield code='a'>9112</subfield><subfield code='b'>M4</subfield></datafield><datafield ind1=' ' ind2=' ' tag='074'><subfield code='a'>0191-B-17 (online)</subfield></datafield><datafield ind1='0' ind2=' ' tag='086'><subfield code='a'>C 55.418/7:NOS NG 15-5</subfield></datafield><datafield ind1=' ' ind2=' ' tag='091'><subfield code='a'>ecol</subfield></datafield><datafield ind1='1' ind2=' ' tag='110'><subfield code='a'>United States.</subfield><subfield code='b'>National Ocean Service.</subfield></datafield><datafield ind1='1' ind2='0' tag='245'><subfield code='a'>Bathymetric map</subfield><subfield code='h'>[electronic resource] :</subfield><subfield code='b'>Gulf of Mexico, Keathley Canyon /</subfield><subfield code='c'>National Ocean Service.</subfield></datafield><datafield ind1='1' ind2=' ' tag='246'><subfield code='i'>Filing title:</subfield><subfield code='a'>Keathley Canyon</subfield></datafield><datafield ind1='3' ind2='0' tag='246'><subfield code='a'>Gulf of Mexico, Keathley Canyon</subfield></datafield><datafield ind1=' ' ind2=' ' tag='255'><subfield code='a'>Scale 1:250,000 ;</subfield><subfield code='b'>transverse Mercator proj.</subfield><subfield code='c'>(W 94째--W 92째/N 27째--N 26째).</subfield></datafield><datafield ind1=' ' ind2=' ' tag='260'><subfield code='a'>Washington, D.C. :</subfield><subfield code='b'>U.S. Dept. of Commerce, National Oceanic and Atmospheric Administration, National Ocean Service,</subfield><subfield code='c'>1984.</subfield></datafield><datafield ind1=' ' ind2=' ' tag='300'><subfield code='a'>1 map :</subfield><subfield code='b'>digital, PDF file.</subfield></datafield><datafield ind1=' ' ind2=' ' tag='538'><subfield code='a'>Mode of access: Internet from the NGDC NOAA web site. Address as of 2/13/08: http://www.ngdc.noaa.gov/mgg/bathymetry/maps/previews/NG%5F15-5.pdf ; current access via PURL.</subfield></datafield><datafield ind1=' ' ind2=' ' tag='500'><subfield code='a'>Depths shown by isolines, soundings, and gradient tints.</subfield></datafield><datafield ind1=' ' ind2=' ' tag='500'><subfield code='a'>Title from title screen (viewed on Feb. 13, 2008).</subfield></datafield><datafield ind1=' ' ind2=' ' tag='500'><subfield code='a'>Includes evaluation of survey accuracy, depth gradient diagram, NOS survey index, and location diagram.</subfield></datafield><datafield ind1=' ' ind2=' ' tag='500'><subfield code='a'>&quot;NOS NG 15-5.&quot;</subfield></datafield><datafield ind1=' ' ind2='0' tag='650'><subfield code='a'>Fishing</subfield><subfield code='z'>Texas</subfield><subfield code='v'>Maps.</subfield></datafield><datafield ind1=' ' ind2='0' tag='651'><subfield code='a'>Gulf Coast (Tex.)</subfield><subfield code='v'>Maps.</subfield></datafield><datafield ind1=' ' ind2='7' tag='655'><subfield code='a'>Bathymetric maps.</subfield><subfield code='2'>lcgft</subfield></datafield><datafield ind1='4' ind2='0' tag='856'><subfield code='u'>http://purl.access.gpo.gov/GPO/LPS90592</subfield></datafield><datafield ind1='4' ind2='0' tag='856'><subfield code='u'>http://purl.access.gpo.gov/GPO/LPS103005</subfield><subfield code='z'>WinZip ; tif.gz file, size 150MB</subfield></datafield><datafield ind1=' ' ind2=' ' tag='984'><subfield code='a'>ANL</subfield><subfield code='c'>Internet</subfield></datafield></record>